<?xml version="1.0" encoding="UTF-8"?><collection xmlns="http://www.loc.gov/MARC21/slim"><record><leader>00478nam--2200181-u-4500</leader><controlfield tag="001">000050719</controlfield><controlfield tag="002">20161230</controlfield><controlfield tag="005">20161230201048</controlfield><controlfield tag="008">080324s1000------------r-----000-0-eng-d</controlfield><datafield ind1=" " ind2=" " tag="020"><subfield code="a">9529938215</subfield></datafield><datafield ind1=" " ind2=" " tag="040"><subfield code="a">IFIN-HH</subfield></datafield><datafield ind1=" " ind2=" " tag="080"><subfield code="a">539.18:535.23</subfield></datafield><datafield ind1="1" ind2=" " tag="100"><subfield code="a">Cowan, R.D</subfield></datafield><datafield ind1="1" ind2="0" tag="245"><subfield code="a">The theory of atomic structure and spectra</subfield><subfield code="c">Robert d. cowan</subfield></datafield><datafield ind1=" " ind2=" " tag="260"><subfield code="a">Berkeley</subfield><subfield code="b">University Of California Press</subfield><subfield code="c">1981</subfield></datafield><datafield ind1=" " ind2=" " tag="300"><subfield code="a">731p</subfield></datafield><datafield ind1=" " ind2=" " tag="852"><subfield code="c">539.18</subfield></datafield><datafield ind1=" " ind2=" " tag="CAT"><subfield code="a">Sys</subfield><subfield code="c">20120712</subfield><subfield code="h">115521</subfield></datafield></record></collection>